<record><leader>00000cas a22000007a 4500</leader><controlfield tag="001">27306418</controlfield><controlfield tag="008">930122d188318uuncumr ne      0    0eng d</controlfield><datafield ind1=" " ind2=" " tag="010"><subfield code="a">sn 93064732 </subfield></datafield><datafield ind1=" " ind2=" " tag="040"><subfield code="a">NVJ</subfield><subfield code="b">eng</subfield><subfield code="c">NVJ</subfield><subfield code="d">OCLCQ</subfield></datafield><datafield ind1=" " ind2=" " tag="042"><subfield code="a">msc</subfield></datafield><datafield ind1="0" ind2="4" tag="245"><subfield code="a">The Amateur dial.</subfield></datafield><datafield ind1=" " ind2=" " tag="260"><subfield code="a">Point Caswell, N.C. :</subfield><subfield code="b">O.O. Vollers, W.E. Black</subfield></datafield><datafield ind1=" " ind2=" " tag="300"><subfield code="a">v.</subfield></datafield><datafield ind1=" " ind2=" " tag="310"><subfield code="a">Monthly</subfield></datafield><datafield ind1="0" ind2=" " tag="362"><subfield code="a">Vol. 1, no. 6 (Feb. 1884)-</subfield></datafield><datafield ind1=" " ind2=" " tag="752"><subfield code="a">United States</subfield><subfield code="b">North Carolina</subfield><subfield code="c">Pender</subfield><subfield code="d">Point Caswell.</subfield></datafield><datafield ind1="0" ind2="0" tag="780"><subfield code="t">Caswell times</subfield><subfield code="w">(DLC)sn 93064745</subfield></datafield></record>